<record><leader>00000cas a22000007a 4500</leader><controlfield tag="001">9728212</controlfield><controlfield tag="008">830722d18281841mduwr ne      0    0eng  </controlfield><datafield ind1=" " ind2=" " tag="010"><subfield code="a">sn 83016350 </subfield></datafield><datafield ind1=" " ind2=" " tag="040"><subfield code="a">DLC</subfield><subfield code="b">eng</subfield><subfield code="c">DLC</subfield><subfield code="d">NPX</subfield><subfield code="d">MFN</subfield><subfield code="d">OCL</subfield><subfield code="d">MFN</subfield><subfield code="d">CNK</subfield><subfield code="d">DLC</subfield><subfield code="d">NVK</subfield><subfield code="d">OCLCQ</subfield><subfield code="d">OCLCO</subfield><subfield code="d">OCLCQ</subfield><subfield code="d">OCLCF</subfield><subfield code="d">CUS</subfield></datafield><datafield ind1=" " ind2=" " tag="012"><subfield code="b">3</subfield></datafield><datafield ind1=" " ind2=" " tag="019"><subfield code="a">18829427</subfield></datafield><datafield ind1=" " ind2=" " tag="042"><subfield code="a">msc</subfield></datafield><datafield ind1=" " ind2=" " tag="043"><subfield code="a">n-us-md</subfield></datafield><datafield ind1="0" ind2="0" tag="050"><subfield code="a">Newspaper</subfield></datafield><datafield ind1="0" ind2="0" tag="245"><subfield code="a">Eastern-shore Whig and people's advocate.</subfield></datafield><datafield ind1="3" ind2="0" tag="246"><subfield code="a">Whig &amp; advocate</subfield></datafield><datafield ind1=" " ind2=" " tag="260"><subfield code="a">Easton, Md. :</subfield><subfield code="b">John D. Green</subfield></datafield><datafield ind1=" " ind2=" " tag="300"><subfield code="a">volumes</subfield></datafield><datafield ind1=" " ind2=" " tag="310"><subfield code="a">Weekly,</subfield><subfield code="b">1837-1841</subfield></datafield><datafield ind1=" " ind2=" " tag="321"><subfield code="a">Weekly,</subfield><subfield code="b">&lt;Sept. 16, 1828&gt;-Nov. 1832</subfield></datafield><datafield ind1=" " ind2=" " tag="321"><subfield code="a">Weekly (except semiweekly while Congress is in session),</subfield><subfield code="b">Dec. 1832-Dec. 1834</subfield></datafield><datafield ind1=" " ind2=" " tag="321"><subfield code="a">Semiweekly,</subfield><subfield code="b">Jan. 1835-Dec. 1836</subfield></datafield><datafield ind1=" " ind2=" " tag="336"><subfield code="a">text</subfield><subfield code="b">txt</subfield><subfield code="2">rdacontent</subfield></datafield><datafield ind1=" " ind2=" " tag="337"><subfield code="a">unmediated</subfield><subfield code="b">n</subfield><subfield code="2">rdamedia</subfield></datafield><datafield ind1=" " ind2=" " tag="338"><subfield code="a">volume</subfield><subfield code="b">nc</subfield><subfield code="2">rdacarrier</subfield></datafield><datafield ind1="1" ind2=" " tag="362"><subfield code="a">Began in 1828; ceased in Mar. 1841.</subfield></datafield><datafield ind1=" " ind2=" " tag="500"><subfield code="a">Publisher varies: Edward Mullikin, &lt;1830&gt;-1834 ; Richard Spencer ; 1834-1835 ; Spencer and Sherwood, 1836-(May 7)1836 ; Geo. W. Sherwood, 1836-1841.</subfield></datafield><datafield ind1=" " ind2=" " tag="515"><subfield code="a">Issues for 1835-1841 called new series.</subfield></datafield><datafield ind1=" " ind2=" " tag="530"><subfield code="a">Available on microfilm from UMI.</subfield></datafield><datafield ind1=" " ind2=" " tag="580"><subfield code="a">Also published in a weekly edition, Jan. 1835-Dec. 1836.</subfield></datafield><datafield ind1=" " ind2=" " tag="588"><subfield code="a">Description based on: Vol. 1, no. 2 (Sept. 16, 1828).</subfield></datafield><datafield ind1=" " ind2="0" tag="651"><subfield code="a">Easton (Md.)</subfield><subfield code="v">Newspapers.</subfield></datafield><datafield ind1=" " ind2="7" tag="651"><subfield code="a">Maryland</subfield><subfield code="z">Easton.</subfield><subfield code="2">fast</subfield><subfield code="0">(OCoLC)fst01206532</subfield></datafield><datafield ind1=" " ind2="7" tag="655"><subfield code="a">Newspapers.</subfield><subfield code="2">fast</subfield><subfield code="0">(OCoLC)fst01423814</subfield></datafield><datafield ind1=" " ind2=" " tag="752"><subfield code="a">United States</subfield><subfield code="b">Maryland</subfield><subfield code="c">Talbot</subfield><subfield code="d">Easton.</subfield></datafield><datafield ind1="0" ind2="5" tag="780"><subfield code="t">Republican star, or, General advertiser</subfield><subfield code="w">(DLC)sn 83016219</subfield><subfield code="w">(OCoLC)9629246</subfield></datafield><datafield ind1="0" ind2="0" tag="785"><subfield code="t">Eastern-shore star</subfield><subfield code="w">(DLC)sn 89060260</subfield><subfield code="w">(OCoLC)20576857</subfield></datafield><datafield ind1="1" ind2=" " tag="029"><subfield code="a">AU@</subfield><subfield code="b">000026221019</subfield></datafield></record>